@BOOK{Sid99,
   AUTHOR = {Charles H. Sides},
   YEAR = {1999},
   TITLE = {How to Write \& Present Technical Information},
   EDITION = {3rd},
   ADDRESS = {Cambridge},
   PUBLISHER = {Cambridge University Press}   }

@BOOK{StrWhi79,
   AUTHOR = {Strunk Jr., William and E. B. White},
   YEAR = {1979},
   TITLE = {The Elements of Style},
   EDITION = {3rd},
   ADDRESS = {New York},
   PUBLISHER = {Macmillan Publishing Co.}   }

@BOOK{Coo64,
   author={Bruce M. Cooper},
   title={Writing Technical Reports},
   publisher={Penguin Books},
   year={1964},
   address={Middlesex}}

@MISC{Noo05,
   author={Saeid Nooshabadi},
   title={Bachelor of Engineering Thesis and Project:
      timetable and notes for students},
   howpublished={\url{http://scoff.ee.unsw.edu.au/document/thesis/thnotes2.pdf},
        accessed 14/11/2005},
   year={2005},
   note={School of El.\ Eng.\ and Telecom., UNSW} }

@MISC{She05,
   author={John Shepherd},
   title={Doing a CSE Thesis},
   howpublished={\url{http://www.cse.unsw.edu.au/~jas/talks/thesis/},
        accessed 14/11/2005},
   year={2005},
   note={School of Comp.\ Sci.\ and Eng., UNSW} }

@ARTICLE{NieLeh03,
   AUTHOR = {Jannik Hammel Nielsen and Torsten Lehmann},
   YEAR = {2003},
   TITLE = {An Implantable {CMOS} Amplifier for Nerve Signals},
   JOURNAL = {Analog Integrated Circuits and Signal Processing},
   VOLUME = {36},
   NUMBER = {1--2},
   MONTH = {July-August},
   PAGES = {153--164}  }

@INPROCEEDINGS{HasLehKwo05,
   AUTHOR = {Tawfique Hasan and Torsten Lehmann and Chee Yee Kwok},
   YEAR = {2005},
   TITLE = {A 5{V} Charge Pump in a Standard 1.8{V} 0.8{$\mu$m} {CMOS}
                Process},
   BOOKTITLE = {{IEEE} International Symposium on Circuits and Systems},
   PAGES = {1899-1902},
   ADDRESS = {Kobe, Japan} }

@MISC{Phu16,
   author={Toan Phung},
   title={{ELEC4121} {BE} Thesis Part {B} {Moodle} site},
   howpublished={\url{http://moodle.telt.unsw.edu.au/}, accessed 1/11/2016},
   year={2016},
   note={School of El.\ Eng.\ and Telecom., UNSW} }

@MISC{wrise16,
   author={---},
   title={Write Reports in Science and Engineering},
   howpublished={\url{http://learningcentre.usyd.edu.au/wrise/},
        accessed 8/11/2016},
   year={2016},
   note={The Learning Centre, USyd} }

@MISC{Wol16,
   author={Joe Wolfe},
   title={Writing an Honours Thesis},
   howpublished={\url{http://newt.phys.unsw.edu.au/~jw/hons.html},
        accessed 8/11/2016},
   year={2016},
   note={School of Physics, UNSW} }

